@misc{Metodolo32:online,
author = {},
title = {Metodologia de modelagem e implementação de blockchain em processos de negócio | Manancial - Repositório Digital da UFSM},
howpublished = {\url{https://repositorio.ufsm.br/handle/1/28664}},
month = {},
year = {},
note = {(Accessed on 08/27/2023)}
}